@article{gupta_survey,
    author  = "Poonam Gupta and Vishal Gupta",
    title   = "A Survey of Text Question Answering Techniques",
    year    = "2012",
    journal = "International Journal of Computer Applications",
    volume  = "53",
    number  = "4",
    pages   = "1--8"
}